@misc{jose2000classical,
  title={Classical dynamics: a contemporary approach},
  author={Jos{\'e}, Jorge and Saletan, Eugene},
  year={2000},
  publisher={AAPT}
}

@article{mendez2016diseno,
  title={Dise{\~n}o de un programa en python para la ense{\~n}anza de la transferencia de {\'o}rbita de Hohmann},
  author={M{\'e}ndez Hincapi{\'e}, N{\'e}stor Fernando and Monroy Ca{\~n}{\'o}n, Ignacio Alberto},
  journal={Tecn{\'e}, Episteme y Didaxis: TED},
  number={39},
  pages={81--102},
  year={2016}
}

@article{gestal2010introduccion,
  title={Introducci{\'o}n a los algoritmos gen{\'e}ticos y la programaci{\'o}n gen{\'e}tica},
  author={Gestal, Marcos and Rivero, Daniel and Rabu{\~n}al, Juan Ram{\'o}n and Dorado, Juli{\'a}n and Pazos, Alejandro},
  journal={A Coru{\~n}a},
  volume={2010},
  pages={30--68},
  year={2010}
}